<record>
    <leader> cam0 22 450 </leader>
    <controlfield tag="001">098139460</controlfield>
    <controlfield tag="002">38</controlfield>
    <controlfield tag="003">http://www.sudoc.fr/098139460</controlfield>
    <controlfield tag="004">20060314</controlfield>
    <controlfield tag="005">20201117214142.000</controlfield>
    <controlfield tag="006">692662101</controlfield>
    <controlfield tag="007">693882101</controlfield>
    <controlfield tag="008">Aax3</controlfield>
    <datafield tag="029" ind1=" " ind2=" ">
        <subfield code="a">2005LYO101054</subfield>
        <subfield code="b">2005LYO101054</subfield>
    </datafield>
    <datafield tag="035" ind1=" " ind2=" ">
        <subfield code="a">(OCoLC)496792954</subfield>
    </datafield>
    <datafield tag="100" ind1=" " ind2=" ">
        <subfield code="a">20060314d2005 k y0frey50 ba</subfield>
    </datafield>
    <datafield tag="101" ind1="0" ind2=" ">
        <subfield code="a">fre</subfield>
        <subfield code="d">fre</subfield>
        <subfield code="d">eng</subfield>
    </datafield>
    <datafield tag="102" ind1=" " ind2=" ">
        <subfield code="a">FR</subfield>
    </datafield>
    <datafield tag="105" ind1=" " ind2=" ">
        <subfield code="a">aa m 001yy</subfield>
    </datafield>
    <datafield tag="106" ind1=" " ind2=" ">
        <subfield code="a">r</subfield>
    </datafield>
    <datafield tag="181" ind1=" " ind2=" ">
        <subfield code="6">z01</subfield>
        <subfield code="c">txt</subfield>
        <subfield code="2">rdacontent</subfield>
    </datafield>
    <datafield tag="181" ind1=" " ind2="1">
        <subfield code="6">z01</subfield>
        <subfield code="a">i#</subfield>
        <subfield code="b">xxxe##</subfield>
    </datafield>
    <datafield tag="182" ind1=" " ind2=" ">
        <subfield code="6">z01</subfield>
        <subfield code="c">n</subfield>
        <subfield code="2">rdamedia</subfield>
    </datafield>
    <datafield tag="182" ind1=" " ind2="1">
        <subfield code="6">z01</subfield>
        <subfield code="a">n</subfield>
    </datafield>
    <datafield tag="200" ind1="1" ind2=" ">
        <subfield code="a">Le Titre</subfield>
        <subfield code="e">complément du titre</subfield>
        <subfield code="e">des athlètes en quête d'identité</subfield>
        <subfield code="f">Auteur</subfield>
        <subfield code="g">
sous la direction de</subfield>
    </datafield>
    <datafield tag="214" ind1="1" ind2=" ">
        <subfield code="a">[S.l.]</subfield>
        <subfield code="c">[s.n.]</subfield>
        <subfield code="d">2005</subfield>
    </datafield>
    <datafield tag="215" ind1=" " ind2=" ">
        <subfield code="a">3 vol. (701 p.)</subfield>
        <subfield code="c">figures en couleur, graph.</subfield>
        <subfield code="d">30 cm</subfield>
    </datafield>
    <datafield tag="310" ind1=" " ind2=" ">
        <subfield code="a">Publication autorisée par le jury</subfield>
    </datafield>
    <datafield tag="320" ind1=" " ind2=" ">
        <subfield code="a">Bibliogr. p. ou f.</subfield>
    </datafield>
    <datafield tag="327" ind1="0" ind2=" ">
        <subfield code="a">
Tome 1 : Autonomie institutionnelle et affirmation identitaire (1912-1936) [suivi de ] Intégration fédérale et questionnement identitaire (1936-1959)
        </subfield>
        <subfield code="a">
Tome 2 : Désengagement fédéral et stratégies identitaires (1959 - fin des années 1970)
        </subfield>
        <subfield code="a">
Tome 3 : Sommaire, Table des annexes, Témoignages d'athlètes, bibliographie, Index
        </subfield>
    </datafield>
    <datafield tag="328" ind1=" " ind2=" ">
        <subfield code="z">Autre édition de</subfield>
        <subfield code="b">Thèse de doctorat</subfield>
        <subfield code="c">
Sciences et techniques : activités physiques et sportives
        </subfield>
        <subfield code="e">Lyon1</subfield>
        <subfield code="d">2015 ; 567</subfield>
    </datafield>
    <datafield tag="330" ind1=" " ind2=" ">
        <subfield code="a">Résumé en français</subfield>
    </datafield>

    <datafield tag="600" ind1=" " ind2=" ">
        <subfield code="3">026814722</subfield>
        <subfield code="a">De Chirico, Giorgio (1888-1978)</subfield>
        <subfield code="3">028633067</subfield>
        <subfield code="x">Critique et interprétation</subfield>
        <subfield code="2">rameau</subfield>

    </datafield>
    <datafield tag="601" ind1=" " ind2=" ">
        <subfield code="3">30191335</subfield>
        <subfield code="a">Conseil international des femmes juives</subfield>
        <subfield code="3">086305646</subfield>
        <subfield code="z">20e siècle</subfield>
        <subfield code="2">rameau</subfield>

    </datafield>
    <datafield tag="602" ind1=" " ind2=" ">
        <subfield code="3">070278393</subfield>
        <subfield code="a">Rockefeller (famille)</subfield>
        <subfield code="2">rameau</subfield>

    </datafield>
    <datafield tag="604" ind1=" " ind2=" ">
        <subfield code="3">027996107</subfield>
        <subfield code="a">Hugo, Victor (1802-1885)</subfield>
        <subfield code="t">Les travailleurs de la mer</subfield>
        <subfield code="2">rameau</subfield>

    </datafield>
    <datafield tag="605" ind1=" " ind2=" ">
        <subfield code="3">078994403</subfield>
        <subfield code="a">La petite Lili</subfield>
        <subfield code="n">film</subfield>
        <subfield code="2">rameau</subfield>

    </datafield>
    <datafield tag="606" ind1=" " ind2=" ">
        <subfield code="3">032988184</subfield>
        <subfield code="a">Athlétisme vedette féminin</subfield>
        <subfield code="3">086305646</subfield>
        <subfield code="z">20e siècle</subfield>
        <subfield code="2">rameau</subfield>

    </datafield>
    <datafield tag="606" ind1=" " ind2=" ">
        <subfield code="3">027518817</subfield>
        <subfield code="a">Industrie</subfield>
        <subfield code="x">Aspect environnemental</subfield>
        <subfield code="3">027479862</subfield>
        <subfield code="y">Provence-Alpes-Côte d'Azur (France)</subfield>
        <subfield code="2">rameau</subfield>


    </datafield>
    <datafield tag="606" ind1=" " ind2=" ">
        <subfield code="3">184183944</subfield>
        <subfield code="a">Tumeurs du sein triple-négatives</subfield>
        <subfield code="2">fmesh</subfield>


    </datafield>
    <datafield tag="606" ind1=" " ind2=" ">
        <subfield code="a">Tumeurs du sein triple-négatives</subfield>
        <subfield code="2">lc</subfield>

    </datafield>
    <datafield tag="607" ind1=" " ind2=" ">
        <subfield code="a">vedette</subfield>
        <subfield code="3">028630661</subfield>
        <subfield code="x">Plans</subfield>
        <subfield code="2">rameau</subfield>

    </datafield>
    <datafield tag="616" ind1=" " ind2=" ">
        <subfield code="3">243805942</subfield>
        <subfield code="a">Unity</subfield>
        <subfield code="c">marque déposée</subfield>
        <subfield code="2">rameau</subfield>

    </datafield>
    <datafield tag="686" ind1=" " ind2=" ">
        <subfield code="a">796</subfield>
        <subfield code="2">TEF</subfield>
    </datafield>
    <datafield tag="700" ind1=" " ind2="1">
        <subfield code="3">09813972X</subfield>
        <subfield code="a">Rosol Nom</subfield>
        <subfield code="b">Nathalie Prénom</subfield>
        <subfield code="f">1976-....</subfield>
        <subfield code="4">071</subfield>
    </datafield>
    <datafield tag="701" ind1=" " ind2="1">
        <subfield code="a">Nom</subfield>
        <subfield code="b">Prénom</subfield>
        <subfield code="f">1963-....</subfield>
        <subfield code="4">727</subfield>
    </datafield>
    <datafield tag="701" ind1=" " ind2="1">
        <subfield code="3">077350936</subfield>
        <subfield code="a">Saint-Martin</subfield>
        <subfield code="b">Jean</subfield>
        <subfield code="f">1966-....</subfield>
        <subfield code="4">727</subfield>
    </datafield>
    <datafield tag="702" ind1=" " ind2="1">
        <subfield code="3">077350936</subfield>
        <subfield code="a">Saint-Martin</subfield>
        <subfield code="b">Jean</subfield>
        <subfield code="f">1966-....</subfield>
        <subfield code="4">727</subfield>
    </datafield>
    <datafield tag="710" ind1="0" ind2="2">
        <subfield code="3">026402823</subfield>
        <subfield code="a">Université Claude Bernard</subfield>
        <subfield code="c">Lyon</subfield>
        <subfield code="4">295</subfield>
    </datafield>
    <datafield tag="712" ind1="0" ind2="2">
        <subfield code="3">026402823</subfield>
        <subfield code="a">Université Claude Bernard</subfield>
        <subfield code="c">Lyon</subfield>
        <subfield code="4">295</subfield>
    </datafield>
    <datafield tag="801" ind1=" " ind2="3">
        <subfield code="a">FR</subfield>
        <subfield code="b">Abes</subfield>
        <subfield code="c">20201117</subfield>
        <subfield code="g">AFNOR</subfield>
    </datafield>
    <datafield tag="830" ind1=" " ind2=" ">
        <subfield code="a">
Réforme Rameau Genre-Forme retro thèses (ne pas supprimer)
        </subfield>
    </datafield>
    <datafield tag="915" ind1=" " ind2=" ">
        <subfield code="5">692662101:262882248</subfield>
        <subfield code="b">20162555</subfield>
    </datafield>
    <datafield tag="917" ind1=" " ind2=" ">
        <subfield code="5">692662101:262882248</subfield>
        <subfield code="a">aaaa</subfield>
    </datafield>
    <datafield tag="930" ind1=" " ind2=" ">
        <subfield code="5">692662101:262882248</subfield>
        <subfield code="b">692662101</subfield>
        <subfield code="a">T50/210/2005/191bis/1/3</subfield>
        <subfield code="j">u</subfield>
    </datafield>
    <datafield tag="940" ind1=" " ind2=" ">
        <subfield code="5">692662101:262882248</subfield>
        <subfield code="a">20060314</subfield>
        <subfield code="b">x</subfield>
    </datafield>
    <datafield tag="941" ind1=" " ind2=" ">
        <subfield code="5">692662101:262882248</subfield>
        <subfield code="a">20060314</subfield>
        <subfield code="b">15:53:00.000</subfield>
    </datafield>
</record>